@online{FactorioGame,
  author = {Wube Software},
  title = {Factorio},
  year = 2015,
  url = {https://www.factorio.com/},
}

@online{Z3Tutorial,
    author = {Philip Zucker},
    title = {Z3 walk through},
    year = 2019,
    url = {https://colab.research.google.com/github/philzook58/z3_tutorial/blob/master/Z3%20Tutorial.ipynb}
}

@online{Z3Documentation,
    author = {Nikolaj Bjørner Leonardo de Moura Lev Nachmanson and Christoph Wintersteiger},
    title = {Programming Z3},
    url = {https://theory.stanford.edu/~nikolaj/programmingz3.html}
}

@online{arxivpaper,
  author = {Sean Patterson Joan Espasa Mun See Chang Ruth Hoffmann},
  title = {Towards Automatic Design of Factorio Blueprints},
  year = 2023,
  eprint = {2310.01505},
  eprinttype = {arXiv},
  primaryClass = {Artificial Intelligence}
}

@online{SMT-solving,
    author = {Erika Ábrahám},
    title = {SAT and SMT solving},
    url = {https://ths.rwth-aachen.de/wp-content/uploads/sites/4/teaching/arc-teaching-material/smt-short.pdf}
}

@online{Z3Prover,
    title = {Z3 prover repository},
    url = {https://github.com/z3prover/z3}
}




